%% LaTeX2e file `rapport.bib'
%% generated by the `filecontents' environment
%% from source `rapport' on 2019/06/13.
%%
@book{key,
  author = {Author, A.},
  year = {2001},
  title = {Title},
  publisher = {Publisher},
}
